<?xml version='1.0' encoding='UTF-8'?>
<record xmlns="http://www.loc.gov/MARC21/slim">
  <leader>01977cam a2200409 a 4500</leader>
  <controlfield tag="001">614851</controlfield>
  <controlfield tag="003">NjP</controlfield>
  <controlfield tag="005">20170516151932.0</controlfield>
  <controlfield tag="008">901203m19889999ir       b    100 0 ara d</controlfield>
  <datafield tag="024" ind1="7" ind2=" ">
    <subfield code="a">princeton_aco001452</subfield>
    <subfield code="2">local</subfield>
  </datafield>
  <datafield ind1=" " ind2=" " tag="035">
    <subfield code="a">(OCoLC)ocn176032173</subfield>
  </datafield>
  <datafield ind1=" " ind2=" " tag="035">
    <subfield code="a">(OCoLC)31309473</subfield>
  </datafield>
  <datafield ind1=" " ind2=" " tag="040">
    <subfield code="a">NjP</subfield>
    <subfield code="c">PUL</subfield>
    <subfield code="d">PUL</subfield>
  </datafield>
  <datafield ind1=" " ind2=" " tag="035">
    <subfield code="a">(OCoLC)176032173</subfield>
  </datafield>
  <datafield ind1=" " ind2=" " tag="035">
    <subfield code="a">(CStRLIN)NJPG90-B54259</subfield>
  </datafield>
  <datafield ind1=" " ind2=" " tag="035">
    <subfield code="9">ACV0968TS</subfield>
  </datafield>
  <datafield ind1=" " ind2=" " tag="035">
    <subfield code="a">(NjP)614851</subfield>
  </datafield>
  <datafield ind1=" " ind2=" " tag="079">
    <subfield code="a">ocm31309473</subfield>
  </datafield>
  <datafield ind1=" " ind2=" " tag="049">
    <subfield code="a">PULL</subfield>
  </datafield>
  <datafield ind1="2" ind2=" " tag="111">
    <subfield code="a">Kungrah-i Jahānī-i Ḥaz̤rat-i Riz̤ā ʻAlayhi al-Salām</subfield>
    <subfield code="n">(2nd).</subfield>
  </datafield>
  <datafield ind1="1" ind2="0" tag="245">
    <subfield code="6">880-01</subfield>
    <subfield code="a">Majmūʻat al-āthār :</subfield>
    <subfield code="b">al-Muʼtamar al-ʻĀlamī al-Thānī lil-Imām al-Riḍá ʻalayhi al-salām.</subfield>
  </datafield>
  <datafield ind1=" " ind2=" " tag="260">
    <subfield code="6">880-02</subfield>
    <subfield code="a">[Mashhad?] :</subfield>
    <subfield code="b">al-Muʼtamar al-ʻĀlamī lil-Imām al-Riḍá,</subfield>
    <subfield code="c">1409- [1988 or 1989- ]</subfield>
  </datafield>
  <datafield ind1=" " ind2=" " tag="300">
    <subfield code="a">v. ;</subfield>
    <subfield code="c">25 cm.</subfield>
  </datafield>
  <datafield ind1="1" ind2=" " tag="490">
    <subfield code="a">Kungrah-i Jahānī-i Ḥaz̤rat-i Riz̤ā ʻAlayhi al-Salām ;</subfield>
    <subfield code="v">19</subfield>
  </datafield>
  <datafield ind1=" " ind2=" " tag="500">
    <subfield code="a">Vol. 2 published in 1986.</subfield>
  </datafield>
  <datafield ind1=" " ind2=" " tag="500">
    <subfield code="a">Vol. 2 has title on added t.p.: A Collection of the lectures and articles presented at The Second World Congress of Imam Reza.</subfield>
  </datafield>
  <datafield ind1=" " ind2=" " tag="504">
    <subfield code="a">Includes bibliographical references.</subfield>
  </datafield>
  <datafield ind1="0" ind2="0" tag="600">
    <subfield code="6">880-03</subfield>
    <subfield code="a">ʻAlī al-Riḍā ibn Mūsá,</subfield>
    <subfield code="d">d. 818 or 19</subfield>
    <subfield code="x">Congresses.</subfield>
  </datafield>
  <datafield ind1=" " ind2="0" tag="650">
    <subfield code="a">Shīʻah</subfield>
    <subfield code="x">Doctrines</subfield>
    <subfield code="x">Congresses.</subfield>
  </datafield>
  <datafield ind1="0" ind2=" " tag="740">
    <subfield code="a">Collection of the lectures and articles presented at The Second World Congress of Imam Reza.</subfield>
  </datafield>
  <datafield ind1=" " ind2="0" tag="830">
    <subfield code="a">Kungrah-i Jahānī-i Ḥaz̤rat-i Riz̤ā ʻAlayhi al-Salām (series) ;</subfield>
    <subfield code="v">19.</subfield>
  </datafield>
  <datafield ind1="1" ind2="0" tag="880">
    <subfield code="6">245-01/r</subfield>
    <subfield code="a">مجموعة الاثار :</subfield>
    <subfield code="b">المؤتمر العالمي الثاني للامام الرضى عليه السلام.</subfield>
  </datafield>
  <datafield ind1=" " ind2=" " tag="880">
    <subfield code="6">260-02/r</subfield>
    <subfield code="a">[مشهد؟] :</subfield>
    <subfield code="b">المؤتمر العالمي للامام الرضى،</subfield>
    <subfield code="c">1409- [1988 or 1989- ]</subfield>
  </datafield>
  <datafield ind1="0" ind2="0" tag="880">
    <subfield code="6">600-03/r</subfield>
    <subfield code="a">علي الرضا بن موسى،</subfield>
    <subfield code="d">d. 818 or 19</subfield>
    <subfield code="x">Congresses.</subfield>
  </datafield>
  <datafield ind1=" " ind2=" " tag="998">
    <subfield code="a">10/04/94</subfield>
    <subfield code="s">9114</subfield>
    <subfield code="n">NjP</subfield>
    <subfield code="w">NJPG90B54259</subfield>
    <subfield code="d">12/03/90</subfield>
    <subfield code="c">JEB</subfield>
    <subfield code="b">KC</subfield>
    <subfield code="i">941004</subfield>
    <subfield code="l">NJPG</subfield>
  </datafield>
  <datafield ind1=" " ind2=" " tag="911">
    <subfield code="a">19941018</subfield>
  </datafield>
  <datafield ind1=" " ind2=" " tag="912">
    <subfield code="a">19950621043911.0</subfield>
  </datafield>
  <datafield ind1=" " ind2=" " tag="994">
    <subfield code="a">C0</subfield>
    <subfield code="b">PUL</subfield>
  </datafield>
  <datafield ind1=" " ind2=" " tag="999">
    <subfield code="a">614851</subfield>
  </datafield>
  <datafield ind1="0" ind2="1" tag="852">
    <subfield code="0">674238</subfield>
    <subfield code="b">nec</subfield>
    <subfield code="t">1</subfield>
    <subfield code="h">BP194</subfield>
    <subfield code="i">.K864 1988</subfield>
  </datafield>
  <datafield ind1=" " ind2="0" tag="866">
    <subfield code="0">674238</subfield>
    <subfield code="8">0</subfield>
    <subfield code="a">Juzʾ 1-juzʾ 2 (published in 1986)</subfield>
  </datafield>
  <datafield ind1=" " ind2="0" tag="866">
    <subfield code="0">674238</subfield>
    <subfield code="8">0</subfield>
    <subfield code="x">DESIGNATOR: juzʾ</subfield>
  </datafield>
  <datafield ind1=" " ind2=" " tag="959">
    <subfield code="a">2000-06-13 00:00:00 -0400</subfield>
  </datafield>
</record>
